<?xml version="1.0" encoding="UTF-8"?><collection xmlns="http://www.loc.gov/MARC21/slim"><record><leader>00688nam--2200205-i-4500</leader><controlfield tag="001">000042160</controlfield><controlfield tag="002">20161230</controlfield><controlfield tag="005">20161230201043</controlfield><controlfield tag="008">060222s1000------------r-----000-0-eng-d</controlfield><datafield ind1=" " ind2=" " tag="020"><subfield code="a">0080216595</subfield></datafield><datafield ind1=" " ind2=" " tag="040"><subfield code="a">IFIN-HH</subfield></datafield><datafield ind1=" " ind2=" " tag="080"><subfield code="a">539.1.074(061.3)</subfield></datafield><datafield ind1="1" ind2=" " tag="100"><subfield code="a">Granzer, F</subfield></datafield><datafield ind1="1" ind2="0" tag="245"><subfield code="a">Solid state nuclear track detectors</subfield><subfield code="b">Proceedings of the 9th international conference, neuherberg/munchen, 30th september - 6th october 1976</subfield><subfield code="c">F.granzer, h.paretzke, e.schopper (eds.)</subfield></datafield><datafield ind1=" " ind2=" " tag="260"><subfield code="a">Oxford</subfield><subfield code="b">Pergamon Press</subfield><subfield code="c">1978</subfield></datafield><datafield ind1=" " ind2=" " tag="300"><subfield code="a">IN TWO VOLUMES</subfield></datafield><datafield ind1="1" ind2=" " tag="700"><subfield code="a">Schopper, E</subfield><subfield code="e">Ed</subfield></datafield><datafield ind1="1" ind2=" " tag="787"><subfield code="a">Volume 2</subfield><subfield code="h">Xvii+(739-1350)P</subfield></datafield><datafield ind1=" " ind2=" " tag="852"><subfield code="a">46489</subfield><subfield code="c">539.1.07:539.1.08</subfield></datafield><datafield ind1=" " ind2=" " tag="CAT"><subfield code="a">Sys</subfield><subfield code="c">20111027</subfield><subfield code="h">114455</subfield></datafield></record></collection>